
</collection>
<collection xmlns="http://www.loc.gov/MARC21/slim">
<record>
  <controlfield tag="001">1879695</controlfield>
  <controlfield tag="005">20210326220215.0</controlfield>
  <datafield tag="024" ind1="8" ind2=" ">
    <subfield code="a">oai:cds.cern.ch:1879695</subfield>
    <subfield code="q">cerncds:MEMORIAV</subfield>
  </datafield>
  <datafield tag="100" ind1=" " ind2=" ">
    <subfield code="a">CERN - Service technique des conf\xc3\xa9rences</subfield>
  </datafield>
  <datafield tag="245" ind1=" " ind2=" ">
    <subfield code="a">Title unknown</subfield>
  </datafield>
  <datafield tag="245" ind1=" " ind2=" ">
    <subfield code="9">review</subfield>
    <subfield code="a">Drilling of a shaft and cavern</subfield>
  </datafield>
  <datafield tag="260" ind1=" " ind2=" ">
    <subfield code="a">Geneva</subfield>
    <subfield code="b">CERN</subfield>
    <subfield code="c">Year unknown</subfield>
  </datafield>
  <datafield tag="337" ind1=" " ind2=" ">
    <subfield code="a">Video</subfield>
  </datafield>
  <datafield tag="340" ind1=" " ind2=" ">
    <subfield code="a">VHS</subfield>
  </datafield>
  <datafield tag="500" ind1=" " ind2=" ">
    <subfield code="a">The video was digitized from its original recording as part of the CERN Digital Memory project</subfield>
  </datafield>
  <datafield tag="500" ind1=" " ind2=" ">
    <subfield code="a">The video was digitized from its original recording as part of the CERN Digital Memory project </subfield>
  </datafield>
  <datafield tag="514" ind1=" " ind2=" ">
    <subfield code="a">Low RF, noisy picture -  </subfield>
  </datafield>
  <datafield tag="542" ind1="1" ind2=" ">
    <subfield code="9">review</subfield>
    <subfield code="d">CERN</subfield>
  </datafield>
  <datafield tag="583" ind1="1" ind2=" ">
    <subfield code="i">CREATE-MARC-run20180614_1612</subfield>
    <subfield code="a">digitized</subfield>
    <subfield code="2">pda</subfield>
    <subfield code="f">CERN Digital Memory Project</subfield>
    <subfield code="k">PICTURAE</subfield>
    <subfield code="u">https://cds.cern.ch/record/2257246</subfield>
    <subfield code="5">SzGeCERN</subfield>
    <subfield code="b">C1V1: Composite\tSignal - U-Matic,\xc2\xa0U-Matic SP,\xc2\xa0VHS, 1 inch C, 1 inch B, Video , Betamax </subfield>
    <subfield code="3">VHS</subfield>
    <subfield code="6">HDD30</subfield>
    <subfield code="f">unknown</subfield>
    <subfield code="z">
 - VISUAL INSPECTION TABLE of VHS () true  - 
 - RTI VT 460 of VHS () true  - 
 - MAC-V411 of VHS () true Low RF, noisy picture - 
 - MANUAL QC GEN of VHS () true  - 
 - MANUAL QC GEN of VHS () true  - 
 - FILE_PRESENCE of VHS () true  - 
      </subfield>
    <subfield code="x">
 - VISUAL INSPECTION TABLE timing: from 28/03/2018 11:57 to 28/03/2018 11:57 -
 - RTI VT 460 timing: from 28/03/2018 11:57 to 28/03/2018 16:43 -
 - MAC-V411 timing: from 30/03/2018 11:06 to 30/03/2018 11:30 -
 - MANUAL QC GEN timing: from 30/03/2018 11:30 to 30/03/2018 11:30 -
 - MANUAL QC GEN timing: from 30/03/2018 22:33 to 30/03/2018 22:33 -
 - FILE_PRESENCE timing: from 30/03/2018 22:33 to 30/03/2018 22:33 -
       </subfield>
    <subfield code="c">20180330</subfield>
  </datafield>
  <datafield tag="583" ind1=" " ind2=" ">
    <subfield code="a">curation</subfield>
    <subfield code="c">Novembre 2020</subfield>
    <subfield code="z"> -Audio: TRUE -Video Signal: TRUE -Multiple: FALSE -Relevant to CERN: TRUE -Duplicate: FALSE</subfield>
  </datafield>
  <datafield tag="583" ind1="1" ind2=" ">
    <subfield code="2">pda</subfield>
    <subfield code="3">VHS</subfield>
    <subfield code="5">SzGeCERN</subfield>
    <subfield code="a">digitized</subfield>
    <subfield code="b">C1V1</subfield>
    <subfield code="c">202011</subfield>
    <subfield code="f">CERN Digital Memory Project</subfield>
    <subfield code="i">OPEN-REFINE Project SUM-NOV2020</subfield>
    <subfield code="k">PICTURAE</subfield>
    <subfield code="u">https://cds.cern.ch/record/2257246</subfield>
    <subfield code="n">19,01</subfield>
    <subfield code="o">minutes</subfield>
    <subfield code="x">Low RF, noisy picture</subfield>
  </datafield>
  <datafield tag="594" ind1=" " ind2=" ">
    <subfield code="9">review</subfield>
    <subfield code="a">Footage</subfield>
  </datafield>
  <datafield tag="650" ind1="2" ind2="7">
    <subfield code="9">review</subfield>
    <subfield code="a">Portraits of science</subfield>
  </datafield>
  <datafield tag="653" ind1="1" ind2=" ">
    <subfield code="9">CERN</subfield>
  </datafield>
  <datafield tag="653" ind1="1" ind2=" ">
    <subfield code="9">review</subfield>
    <subfield code="a">Drilling</subfield>
  </datafield>
  <datafield tag="653" ind1="1" ind2=" ">
    <subfield code="9">review</subfield>
    <subfield code="a">Excavation</subfield>
  </datafield>
  <datafield tag="690" ind1="C" ind2=" ">
    <subfield code="a">movingimages</subfield>
  </datafield>
  <datafield tag="690" ind1="C" ind2=" ">
    <subfield code="a">Unknown</subfield>
  </datafield>
  <datafield tag="690" ind1="C" ind2=" ">
    <subfield code="9">review</subfield>
    <subfield code="a">reviewed</subfield>
  </datafield>
  <datafield tag="852" ind1=" " ind2=" ">
    <subfield code="a">60</subfield>
    <subfield code="c">CM-A00000369</subfield>
  </datafield>
  <datafield tag="856" ind1="4" ind2=" ">
    <subfield code="2">EOS</subfield>
    <subfield code="x">fixed</subfield>
    <subfield code="q">MP4</subfield>
    <subfield code="u">https://cern.ch/digital-memory/media-archive/video/cern/mp4/CM-A00000369-089.mp4</subfield>
    <subfield code="y">Video-CM-A00000369-089</subfield>
    <subfield code="z">mp4 video format (640x360)</subfield>
    <subfield code="w">(PICTURAE:MD5)CM-A00000369-089.mp4;7c0edfd34c296c8738efbabb5e7d279f</subfield>
  </datafield>
  <datafield tag="856" ind1="7" ind2=" ">
    <subfield code="2">EOS</subfield>
    <subfield code="x">fixed</subfield>
    <subfield code="q">MOV</subfield>
    <subfield code="d">/eos/media/cds/public/www/digital-memory/media-archive/video/cern/mov/CM-A00000369-089.mov</subfield>
    <subfield code="w">(PICTURAE:MD5)CM-A00000369-089.mov;35f15637ed7714b061d51695a4bba493</subfield>
  </datafield>
  <datafield tag="856" ind1="7" ind2=" ">
    <subfield code="2">EOS</subfield>
    <subfield code="x">fixed</subfield>
    <subfield code="q">MKV</subfield>
    <subfield code="d">/eos/media/cds/public/www/digital-memory/media-archive/video/cern/mkv/CM-A00000369-089.mkv</subfield>
    <subfield code="w">(PICTURAE:MD5)CM-A00000369-089.mkv;a74538cadce3fdca6caf7980978ed56c</subfield>
  </datafield>
  <datafield tag="960" ind1=" " ind2=" ">
    <subfield code="a">85</subfield>
  </datafield>
  <datafield tag="960" ind1=" " ind2=" ">
    <subfield code="a">200</subfield>
  </datafield>
  <datafield tag="961" ind1=" " ind2=" ">
    <subfield code="a">Tom Barthelemy</subfield>
    <subfield code="b">Curator</subfield>
    <subfield code="x">2020-11-01</subfield>
  </datafield>
  <datafield tag="963" ind1=" " ind2=" ">
    <subfield code="a">Access unknown</subfield>
  </datafield>
  <datafield tag="963" ind1=" " ind2=" ">
    <subfield code="9">review
</subfield>
    <subfield code="a">RESTRICTED</subfield>
  </datafield>
  <datafield tag="980" ind1=" " ind2=" ">
    <subfield code="a">VIDEOARC</subfield>
  </datafield>
</record>