
</collection>
<collection xmlns="http://www.loc.gov/MARC21/slim">
<record>
  <controlfield tag="001">1879555</controlfield>
  <controlfield tag="005">20210326220210.0</controlfield>
  <datafield tag="024" ind1="8" ind2=" ">
    <subfield code="a">oai:cds.cern.ch:1879555</subfield>
    <subfield code="p">cerncds:MEMORIAV</subfield>
  </datafield>
  <datafield tag="041" ind1=" " ind2=" ">
    <subfield code="9">review</subfield>
    <subfield code="a">fre</subfield>
  </datafield>
  <datafield tag="100" ind1=" " ind2=" ">
    <subfield code="a">CERN - Service technique des conf\xc3\xa9rences</subfield>
  </datafield>
  <datafield tag="245" ind1=" " ind2=" ">
    <subfield code="9">review</subfield>
    <subfield code="a">6\xc3\xa8me conference Conf\xc3\xa9rence PCST: bridging the gap between theory and practice</subfield>
  </datafield>
  <datafield tag="260" ind1=" " ind2=" ">
    <subfield code="9">review</subfield>
    <subfield code="c">2001</subfield>
  </datafield>
  <datafield tag="337" ind1=" " ind2=" ">
    <subfield code="a">Video</subfield>
  </datafield>
  <datafield tag="340" ind1=" " ind2=" ">
    <subfield code="a">VHS</subfield>
  </datafield>
  <datafield tag="500" ind1=" " ind2=" ">
    <subfield code="a">The video was digitized from its original recording as part of the CERN Digital Memory project</subfield>
  </datafield>
  <datafield tag="511" ind1="1" ind2=" ">
    <subfield code="9">review</subfield>
    <subfield code="a">Alain Vaissade, Detraz Claude</subfield>
  </datafield>
  <datafield tag="514" ind1=" " ind2=" ">
    <subfield code="a">Binding issue - Sticky -  High frequency interference pattern -  Low RF, noisy picture -  Video tracking issue -  </subfield>
  </datafield>
  <datafield tag="520" ind1=" " ind2=" ">
    <subfield code="9">review</subfield>
    <subfield code="a">See full description at https://cds.cern.ch/journal/CERNBulletin/2001/05/News%20Articles/44716</subfield>
  </datafield>
  <datafield tag="542" ind1="1" ind2=" ">
    <subfield code="9">review</subfield>
    <subfield code="g">2001</subfield>
    <subfield code="d">CERN</subfield>
  </datafield>
  <datafield tag="583" ind1="1" ind2=" ">
    <subfield code="i">CREATE-MARC-run20180614_1523</subfield>
    <subfield code="a">digitized</subfield>
    <subfield code="2">pda</subfield>
    <subfield code="f">CERN Digital Memory Project</subfield>
    <subfield code="k">PICTURAE</subfield>
    <subfield code="u">https://cds.cern.ch/record/2257246</subfield>
    <subfield code="5">SzGeCERN</subfield>
    <subfield code="b">C1V1: Composite\tSignal - U-Matic,\xc2\xa0U-Matic SP,\xc2\xa0VHS, 1 inch C, 1 inch B, Video , Betamax </subfield>
    <subfield code="3">VHS</subfield>
    <subfield code="6">HDD24</subfield>
    <subfield code="f">unknown</subfield>
    <subfield code="z">
 - VISUAL INSPECTION TABLE of VHS () true  - 
 - RTI VT 460 of VHS () true  - 
 - MAC-V403 of VHS () false Binding issue - Sticky - 
 - OVEN of VHS () true  - 
 - RTI VT 460 of VHS () true  - 
 - MAC-V402 of VHS () false Video tracking issue | High frequency interference pattern | Binding issue - Sticky - 
 - OVEN of VHS () true  - 
 - RTI VT 460 of VHS () true  - 
 - MAC-V405 of VHS () true Low RF, noisy picture - 
 - MANUAL QC GEN of VHS () true  - 
 - MANUAL QC GEN of VHS () true  - 
 - FILE_PRESENCE of VHS () true  - 
      </subfield>
    <subfield code="x">
 - VISUAL INSPECTION TABLE timing: from 14/03/2018 19:49 to 14/03/2018 19:49 -
 - RTI VT 460 timing: from 14/03/2018 19:49 to 14/03/2018 19:49 -
 - MAC-V403 timing: from 15/03/2018 12:44 to 15/03/2018 12:44 -
 - OVEN timing: from 15/03/2018 16:54 to 20/03/2018 13:55 -
 - RTI VT 460 timing: from 20/03/2018 13:55 to 20/03/2018 15:16 -
 - MAC-V402 timing: from 21/03/2018 10:28 to 21/03/2018 10:30 -
 - OVEN timing: from 21/03/2018 15:08 to 27/03/2018 12:48 -
 - RTI VT 460 timing: from 27/03/2018 13:22 to 27/03/2018 13:37 -
 - MAC-V405 timing: from 29/03/2018 10:53 to 29/03/2018 12:12 -
 - MANUAL QC GEN timing: from 29/03/2018 12:12 to 29/03/2018 12:12 -
 - MANUAL QC GEN timing: from 09/04/2018 22:06 to 09/04/2018 22:06 -
 - FILE_PRESENCE timing: from 09/04/2018 22:06 to 09/04/2018 22:06 -
       </subfield>
    <subfield code="c">20180409</subfield>
  </datafield>
  <datafield tag="594" ind1=" " ind2=" ">
    <subfield code="9">review</subfield>
    <subfield code="a">Conference Speech</subfield>
  </datafield>
  <datafield tag="650" ind1="2" ind2="7">
    <subfield code="9">review</subfield>
    <subfield code="a">Outside the lab</subfield>
  </datafield>
  <datafield tag="653" ind1="1" ind2=" ">
    <subfield code="9">review</subfield>
    <subfield code="a">Science and Society</subfield>
  </datafield>
  <datafield tag="690" ind1="C" ind2=" ">
    <subfield code="9">review</subfield>
    <subfield code="a">reviewed</subfield>
  </datafield>
  <datafield tag="690" ind1="C" ind2=" ">
    <subfield code="a">movingimages</subfield>
  </datafield>
  <datafield tag="852" ind1=" " ind2=" ">
    <subfield code="a">60</subfield>
    <subfield code="c">CM-A00000339</subfield>
  </datafield>
  <datafield tag="856" ind1="4" ind2=" ">
    <subfield code="2">EOS</subfield>
    <subfield code="q">MP4</subfield>
    <subfield code="u">https://cern.ch/digital-memory/media-archive/video/open/mp4/CM-A00000339-053.mp4</subfield>
    <subfield code="s">139180246</subfield>
    <subfield code="y">Video-CM-A00000339-053</subfield>
    <subfield code="z">mp4 video format (640x360)</subfield>
    <subfield code="w">(PICTURAE:MD5)ac_C1V1_CM-A00000339-053.mp4;97eca78b0cf46bd2ad1796ccafc9b427</subfield>
  </datafield>
  <datafield tag="856" ind1="7" ind2=" ">
    <subfield code="2">EOS</subfield>
    <subfield code="q">MKV</subfield>
    <subfield code="d">/eos/media/cds/public/www/digital-memory/media-archive/video/open/mkv/CM-A00000339-053.mkv</subfield>
    <subfield code="s">8284501461</subfield>
    <subfield code="w">(PICTURAE:MD5)pm_C1V1_CM-A00000339-053.mkv;05ea8dd47ec50355f5c20666aee8f192</subfield>
  </datafield>
  <datafield tag="856" ind1="7" ind2=" ">
    <subfield code="2">EOS</subfield>
    <subfield code="q">MOV</subfield>
    <subfield code="d">/eos/media/cds/public/www/digital-memory/media-archive/video/open/mov/CM-A00000339-053.mov</subfield>
    <subfield code="s">3614072368</subfield>
    <subfield code="w">(PICTURAE:MD5)am_C1V1_CM-A00000339-053.mov;4b5d0e8f47fd49f39081258a7194f43d</subfield>
  </datafield>
  <datafield tag="960" ind1=" " ind2=" ">
    <subfield code="a">85</subfield>
  </datafield>
  <datafield tag="960" ind1=" " ind2=" ">
    <subfield code="a">200</subfield>
  </datafield>
  <datafield tag="963" ind1=" " ind2=" ">
    <subfield code="9">review
</subfield>
    <subfield code="a">PUBLIC</subfield>
  </datafield>
  <datafield tag="980" ind1=" " ind2=" ">
    <subfield code="a">VIDEOARC</subfield>
  </datafield>
</record>